@book {ncartbm,
       title = {The NCAR Terabit Memory System},
       NCAR/TN-124+IA
       doi={10.5065/D61V5BWJ}
}
